<bibtex>

@CONFERENCE{1,
    AUTHOR      = {Sarma, P. and Chen, W. H.}, 
    TITLE       = {Applications of Optimal Control Theory for                            Efficient Production Optimization of Realistic                        Reservoirs},
    BOOKTITLE   = {Proceedings of the International Petroleum Technology                  Conference},
    YEAR        = {2008},
    Address     = {Kuala Lumpur, Malaysia},
}

@ARTICLE{2,
    AUTHOR      = {Brouwer, D. R. and Jansen, J. D.}, 
    TITLE       = {Dynamic Optimization of Waterflooding With Smart Wells                 Using Optimal Control Theory},
    JOURNAL     = {SPE Journal},
    YEAR        = {2004},
    Volume      = {9},
    Number      = {4},
    Pages       = {391-402},
}
 
@BOOK{3,
    AUTHOR      = {Muskat, M.}, 
    TITLE       = {Flow of Homogeneous Fluids},
    PUBLISHER   = {McGraw Hill},
    YEAR        = {1937},
}

% references are divided into logically separable sections, like web pages and articles

% web pages

@MISC{cs231n-part1,
    TITLE           = {{Convolutional Neural Networks for Visual Recognition - Neural Networks Part 1: Setting up the Architecture}},
    HOWPUBLISHED    = "\url{http://cs231n.github.io/neural-networks-1/}",
    AUTHOR          = {L. Fei-Fei and A. Karpathy and J. Johnsen},
    NOTE            = {Accessed: 30.03.2017}
}

@MISC{cs231n-act,
    TITLE           = {{Convolutional Neural Networks for Visual Recognition - Understanding and Visualizing Convolutional Neural Networks}},
    HOWPUBLISHED    = "\url{http://cs231n.github.io/understanding-cnn/}",
    AUTHOR          = {L. Fei-Fei and A. Karpathy and J. Johnsen},
    NOTE            = {Accessed: 20.10.2016}
}

@MISC{cs231n-reg,
    TITLE           = {{Convolutional Neural Networks for Visual Recognition - Regularization}},
    HOWPUBLISHED    = "\url{http://cs231n.github.io/neural-networks-2/#reg}",
    AUTHOR          = {L. Fei-Fei and A. Karpathy and J. Johnsen},
    NOTE            = {Accessed: 12.05.2017}
}


@MISC{cs231n-softmax,
    TITLE           = {{Convolutional Neural Networks for Visual Recognition - Softmax}},
    HOWPUBLISHED    = "\url{http://cs231n.github.io/linear-classify/#softmax}",
    AUTHOR          = {L. Fei-Fei and A. Karpathy and J. Johnsen},
    NOTE            = {Accessed: 19.06.2017}
}

@MISC{cs231n-activation-functions,
    TITLE           = {{Convolutional Neural Networks for Visual Recognition - Commonly Used Activation Functions}},
    HOWPUBLISHED    = "\url{http://cs231n.github.io/neural-networks-1/#actfun}",
    AUTHOR          = {L. Fei-Fei and A. Karpathy and J. Johnsen},
    NOTE            = {Accessed: 12.05.2017}
}

@MISC{deepvis-web-article,
    TITLE           = {{Understanding Neural Networks Through Deep Visualization}},
    HOWPUBLISHED    = "\url{http://yosinski.com/deepvis}",
    AUTHOR          = {J. Yosinski and J. Clune and A. Nguyen and T. Fuchs and H. Lipson},
    NOTE            = {Accessed: 22.11.2016}
}

@MISC{transfer-learning-cs231n,
    TITLE           = {{CS231n Convolutional Neural Networks for Visual Recognition: Transfer Learning}},
    HOWPUBLISHED    = "\url{http://cs231n.github.io/transfer-learning/}",
    AUTHOR          = {L. Fei-Fei and A. Karpathy and J. Johnsen},
    NOTE            = {Accessed: 20.10.2016}
}

@MISC{digits,
    TITLE           = {{DIGITS (the Deep Learning GPU Training System) is a webapp for training deep learning models}},
    HUWPUBLISHED    = "\url{https://github.com/NVIDIA/DIGITS}",
    NOTE            = {Accessed: 15.10.2016}
}

@MISC{aleks-repo,
    TITLE           = {{ml-pyxis - Tool for reading and writing datasets of tensors in a Lightning Memory-Mapped Database (LMDB)}},
    HOWPUBLISHED    = "\url{https://github.com/vicolab/ml-pyxis}",
    AUTHOR          = {A. Rognhaugen and I. B. Barbosa},
    NOTE            = {Accessed: 12.10.2016}
}


% articles

@ARTICLE{yosinski-deepvis,
    AUTHOR      = {J. Yosinski and J. Clune and A. Nguyen and T. Fuchs and H. Lipson},
    BOOKTITLE   = {Deep Learning Workshop, International Conference on Machine Learning (ICML)},
    TITLE       = {Understanding Neural Networks Through Deep Visualization},
    YEAR = {2015}}

@ARTICLE{2,
    AUTHOR    = {Brouwer, D. R. and Jansen, J. D.}, 
    TITLE         = {Dynamic Optimization of Waterflooding With Smart Wells Using Optimal Control Theory},
    JOURNAL  = {SPE Journal},
    YEAR         = {2004},
    Volume      = {9},
    Number     = {4},
    Pages       = {391-402},
}

@ARTICLE{conv-math,
    TITLE           = {{A guide to convolution arithmetic for deep learning}},
    HOWPUBLISHED    = "\url{https://arxiv.org/pdf/1603.07285.pdf}",
    AUTHOR          = {V. Dumoulin and F. Visin},
    YEAR            = {2016}
}

@ARTICLE{glorot,
    TITLE           = {{Understanding the difficulty of training deep feedforward neural networks}},
    HOWPUBLISHED    = "\url{http://proceedings.mlr.press/v9/glorot10a/glorot10a.pdf}",
    AUTHOR          = {X. Glorot and Y. Bengio}
}

@ARTICLE{deep-face-rec,
    TITLE           = {{Deep Face Recognition}},
    HOWPUBLISHED    = "\url{https://www.robots.ox.ac.uk/~vgg/publications/2015/Parkhi15/parkhi15.pdf}",
    AUTHOR          = {O. M. Parkhi and A. Vedaldi and A. Zisserman},
    YEAR            = {2015}
}

@ARTICLE{facs,
    TITLE           = {{Facial Action Coding System}},
    HOWPUBLISHED    = {Consulting Psychologist Press},
    AUTHOR          = {P. Ekman and W.V. Friesen},
    YEAR            = {1978}
}

@ARTICLE{prelu,
    TITLE           = {{Delving Deep into Rectifiers: Surpassing Human-Level Performance on ImageNet Classification}},
    HOWPUBLISHED    = "\url{https://arxiv.org/abs/1502.01852}",
    AUTHOR          = {K. He and X. Zhang and S. Ren and J. Sun},
    YEAR            = {2015}
}

@ARTICLE{maxout,
    TITLE           = {{Maxout Networks}},
    HOWPUBLISHED    = "\url{https://arxiv.org/abs/1302.4389}",
    AUTHOR          = {I. J. Goodfellow and D. Warde-Farley and M. Mirza and A. Courville and Y. Bengio},
    YEAR            = {2013}
}

@ARTICLE{relu,
    TITLE           = {{Rectified Linear Units Improve Restricted Boltzmann Machines}},
    HOWPUBLISHED    = "\url{http://machinelearning.wustl.edu/mlpapers/paper_files/icml2010_NairH10.pdf}",
    AUTHOR          = {V. Nair, G. E. Hinton},
    YEAR            = {2010}
}

@ARTICLE{dropout,
    TITLE           = {{Dropout: A Simple Way to Prevent Neural Networks from
Overfitting}},
    HOWPUBLISHED    = "\url{http://www.cs.toronto.edu/~rsalakhu/papers/srivastava14a.pdf}",
    AUTHOR          = {N. Srivastava and G. Hinto and A. Krizhevsky and I. Sutskever and R. Salakhutdinov},
    YEAR            = {2014}
}

@ARTICLE{optimizers,
    TITLE           = {{An Overview of Gradient Descent Optimization Algorithms}},
    HOWPUBLISHED    = "\url{https://arxiv.org/pdf/1609.04747.pdf}",
    AUTHOR          = {S. Ruder},
    YEAR            = {2016}
}

@ARTICLE{designscience,
    TITLE           = {{Design Science Research in Information Systems}},
    HOWPUBLISHED    = "\url{http://desrist.org/desrist/content/design-science-research-in-information-systems.pdf}",
    AUTHOR          = {V. Vaishnavi and B. Kuechler}
}

@ARTICLE{application-3,
    TITLE           = {{Face Recognition Methods \& Applications}},
    HOWPUBLISHED    = "\url{https://arxiv.org/ftp/arxiv/papers/1403/1403.0485.pdf}",
    AUTHOR          = {D. N. Parmar and B. B. Mehta}
}

@ARTICLE{facenet,
    TITLE           = {{FaceNet: A Unified Embedding for Face Recognition and Clustering}},
    HOWPUBLISHED    = "\url{https://arxiv.org/pdf/1503.03832v3.pdf}",
    AUTHOR          = {F. Schroff and D. Kalenichenko and J. Philbin}
}

@ARTICLE{deepid3,
    TITLE           = {{DeepID3: Face Recognition with Very Deep Neural Networks}},
    HOWPUBLISHED    = "\url{https://arxiv.org/pdf/1502.00873v1.pdf}",
    AUTHOR          = {Y. Sun and D. Liang and X. Wang and X. Tang}
}

@ARTICLE{deepface,
    TITLE           = {{DeepFace: Closing the Gap to Human-Level Performance in Face Verification}},
    HOWPUBLISHED    = "\url{https://www.cs.toronto.edu/~ranzato/publications/taigman_cvpr14.pdf}",
    AUTHOR          = {Y. Taigman and M. Yang and M. A. Ranzato and L. Wolf}
}

@ARTICLE{gaussianface,
    TITLE           = {{Surpassing Human-Level Face Verification Performance on LFW with GaussianFace}},
    HOWPUBLISHED    = "\url{http://luchaochao.me/papers/GaussianFace.pdf}",
    AUTHOR          = {C. Lu and X. Tang}
}

@ARTICLE{exp-inv-1,
    TITLE           = {{Expression-invariant representations of faces}},
    HOWPUBLISHED    = "\url{http://www.cs.technion.ac.il/~ron/PAPERS/TIPfaces06.pdf}",
    AUTHOR          = {A. M. Bronstein and M. M. Bronstein and R. Kimmel}
}

@ARTICLE{exp-inv-2,
    TITLE           = {{Expression-Invariant Face Recognition with Expression Classification}},
    HOWPUBLISHED    = "\url{https://www.cs.sfu.ca/~mori/research/papers/li_face_recognition_crv06.pdf}",
    AUTHOR          = {X. Li and G. Mori and H. Zhang}
}

@ARTICLE{exp-inv-3,
    TITLE           = {{Face Recognition Through Different Facial Expressions}},
    HOWPUBLISHED    = "\url{http://link.springer.com/article/10.1007/s11265-014-0967-z}",
    AUTHOR          = {H. Mliki and E. Fendri and M. Hammami}
}

@ARTICLE{robust,
    TITLE           = {{Deeply learned face representations are sparse, selective, and robust}},
    HOWPUBLISHED    = "\url{https://arxiv.org/pdf/1412.1265v1.pdf}",
    AUTHOR          = {Y. Sun and X. Wang and X. Tang}
}

@ARTICLE{ekman,
    TITLE           = {{Universal Facial Expressions of Emotions}},
    HOWPUBLISHED    = "\url{https://www.paulekman.com/wp-content/uploads/2013/07/Universal-Facial-Expressions-of-Emotions1.pdf}",
    AUTHOR          = {P. Ekman}
}

@ARTICLE{inception,
    TITLE           = {{Rethinking the Inception Architecture for Computer Vision}},
    HOWPUBLISHED    = "\url{https://arxiv.org/pdf/1512.00567v3.pdf}",
	AUTHOR          = {C. Szegedy and V. Vanhoucke and S. Ioffe and J. Shlens}
}

@ARTICLE{vgg,
    TITLE           = {{Very Deep Convolutional Networks For Large-Scale Image Recognition}},
    howpublished="\url{https://arxiv.org/pdf/1409.1556v6.pdf}",
	author={K. Simonyan and A. Zisserman}
}

@ARTICLE{googlenet,
    TITLE           = {{Going Deeper with Convolutions}},
    howpublished="\url{https://www.cs.unc.edu/~wliu/papers/GoogLeNet.pdf}",
	author={C. Szegedy and W. Liu and Y. Jia and P. Sermanet and S. Reed and D. Anguelov and D. Erhan and V. Vanhoucke and A. Rabinovich}
}

@ARTICLE{alexnet,
    TITLE           = {{ImageNet Classification with Deep Convolutional Neural Networks}},
    howpublished="\url{https://papers.nips.cc/paper/4824-imagenet-classification-with-deep-convolutional-neural-networks.pdf}",
	author={A. Krizhevsky and I. Sutskever and G. E. Hinton}
}

@ARTICLE{imagenet,
    TITLE           = {{ImageNet Large Scale Visual Recognition Challenge}},
    author={O. Russakovsky and J. Deng and H. Su and J. Krause and S. Satheesh and S. Ma and Z. Huang and A. Karpathy and A. Khosla and M. Bernstein and A. C. Berg and L. Fei-Fei},
    year={2015},
    journal={International Journal of Computer Vision (IJCV)},
    doi={10.1007/s11263-015-0816-y},
    volume={115},
    number={3},
    pages={211-252}
}

@ARTICLE{salience,
    TITLE           = {{Deep Inside Convolutional Networks: Visualising Image Classification Models and Saliency Maps}},
    howpublished="\url{https://arxiv.org/pdf/1312.6034v2.pdf}",
	author={K. Simonyan and A. Vedaldi and A. Zisserman},
	year=2014
}

@ARTICLE{deconv-vis-article,
    TITLE           = {{Visualizing and Understanding Convolutional Networks}},
    howpublished="\url{https://arxiv.org/pdf/1311.2901v3.pdf}",
	author={M. D. Zeiler and R. Fergus}
}

@ARTICLE{deconv-net-article,
    TITLE           = {{Adaptive Deconvolutional Networks for Mid and High Level Feature Learning}},
    howpublished="\url{http://www.matthewzeiler.com/pubs/iccv2011/iccv2011.pdf}",
	author={M. D. Zeiler and G. W. Taylor and R. Fergus}
}
}

@ARTICLE{transfer-learning-yosinski,
    TITLE           = {{How transferable are features in deep neural networks?}},
    howpublished="\url{http://yosinski.com/media/papers/Yosinski__2014__NIPS__How_Transferable_with_Supp.pdf}",
	author={J. Yosinski and J. Clune and Y. Bengio and H. Lipson}
}

@ARTICLE{audn,
    TITLE           = {{AU-inspired Deep Networks for Facial Expression Feature Learning}},
    howpublished="\url{http://www.sciencedirect.com/science/article/pii/S0925231215001605}",
	author={M. Liu and S. Li and S Shan and X. Chen}
}

@ARTICLE{dexpression,
    TITLE           = {{DeXpression: Deep Convolutional Neural Network for Expression Recognition}},
    howpublished="\url{https://arxiv.org/pdf/1509.05371.pdf}",
	author={P. Burkert and F. Trier and M. Z. Afzal and A. Dengel and M. Liwicki}
}

@ARTICLE{resnet,
    TITLE           = {{Deep Residual Learning for Image Recognition}},
    howpublished="\url{https://arxiv.org/pdf/1512.03385v1.pdf}",
	author={K. He and X. Zhang and S. Ren and J. Sun}
}

@ARTICLE{march-smith,
    TITLE       = {{Design and Natural Science Research on Information Technology}},
    AUTHOR      = {S. March and G. Smith},
    year={1995},
    journal={Decision Support Systems},
    doi={10.1016/0167-9236(94)00041-2},
    volume={15},
    number={4},
    pages={251-266}
}

% books

@BOOK{conv-net-book,
    TITLE={{Deep Learning}},
	author={I. Goodfellow and Y. Bengio and A. Courville},
    year={2016},
    chapter={9},
    pages={330-373}
}

@BOOK{3,
AUTHOR     = {Muskat, M.}, 
TITLE          = {Flow of Homogeneous Fluids},
PUBLISHER = {McGraw Hill},
YEAR          = {1937},
}

@BOOK{softmax,
    TITLE           = {{Pattern Recognition and Machine Learning}},
	author={C. M. Bishop},
    year={2006},
    chapter={2},
    pages={115}
}

@BOOK{application-1,
    TITLE           = {{Biometric Solutions: For Authentication in an E-World}},
	author={D. D. Zhang},
    year={2002},
    chapter={4},
    pages={101-115}
}

@BOOK{application-2,
    TITLE           = {{Handbook of Face Recognition}},
	author={T. Huang and Z. Xiong and Z. Zhang},
    year={2011},
    chapter={24},
    pages={617-638}
}

@BOOK{exp-rec-book,
    TITLE           = {{Handbook of Face Recognition}},
	author={T. Huang and Z. Xiong and Z. Zhang},
    year={2011},
    chapter={19},
    pages={487-521}
}

@BOOK{oates,
    AUTHOR      = {B. J. Oates},
    TITLE       = {Researching Information Systems},
    PUBLISHER   = {SAGE Publications},
    YEAR        = {2006},
    CHAPTER     = {3},
    PAGES       = {32-40}
}

% data sets

@MISC{mnist,
    TITLE           = {{The MNIST database of handwritten digits}},
    howpublished="\url{http://yann.lecun.com/exdb/mnist/}",
	author={Y. LeCun and C. Cortes and C. J. C. Burges}
}

@TechReport{lfw,
    author={G. B. Huang and M. Ramesh and T. Berg and E. Learned-Miller},
    TITLE           = {Labeled Faces in the Wild: A Database for Studying Face Recognition in Unconstrained Environments},
    institution =  {University of Massachusetts, Amherst},
    year=2007,
    number={07-49},
    month={October}
}


@InProceedings{imfdb, 
    author={S. Setty and M. Husain and P. Beham and J. Gudavalli and M. Kandasamy and R. Vaddi and V. Hemadri and J. C. Karure and R. Raju and Rajan and V. Kumar and C. V. Jawahar}, 
    TITLE           = {{I}ndian {M}ovie {F}ace {D}atabase: {A} {B}enchmark for {F}ace {R}ecognition {U}nder {W}ide {V}ariations}, 
    howpublished={National Conference on Computer Vision, Pattern Recognition, Image Processing and Graphics (NCVPRIPG)},
    month={Dec},
    year={2013} 
}

@MISC{exp-db,
    TITLE           = {{Comprehensive database for facial expression analysis}},
    howpublished="\url{http://ieeexplore.ieee.org/stamp/stamp.jsp?arnumber=840611}",
	author={T. Kanade and J. F. Cohn and Y. Tian}
}

@MISC{sfew,
    TITLE           = {{Static Facial Expression Analysis in Tough Conditions: Data, Evaluation Protocol and Benchmark}},
    howpublished="\url{http://staff.estem-uc.edu.au/roland/wp-content/uploads/file/roland/publications/Conference/ICCV/BeFIT2011/dhall_goecke_lucey_gedeon_BeFIT2011_StaticFacialExpressionAnalysisInToughConditions.pdf}",
	author={A. Dhall and R. Goecke and S. Lucey and T. Gedeon}
}

@MISC{afew,
    TITLE           = {{Collecting Large, Richly Annotated Facial-Expression Databases from Movies}},
    howpublished="\url{http://users.cecs.anu.edu.au/~adhall/Dhall_Goecke_Lucey_Gedeon_M_2012.pdf}",
	author={A. Dhall and R. Goecke and S. Lucey and T. Gedeon}
}

@MISC{pie,
    TITLE           = {{The CMU Pose, Illumination, and Expression (PIE) Database of Human Faces}},
    howpublished="\url{http://www.ri.cmu.edu/pub_files/pub2/sim_terence_2001_1/sim_terence_2001_1.pdf}",
	author={T. Sim and S. Baker and M. Bsat}
}

@BOOK{multie-pie1,
    TITLE           = {{Multi-PIE: Image and Vision Computing}},
	author={R. Gross and I. Matthews and J. Cohn and T. Kanade and S. Baker},
    year={2010},
    volume={28},
    issue={5},
    pages={807-813}
}

@MISC{multie-pie2,
    TITLE           = {{Multi-PIE. Proceedings of the Eighth IEEE International Conference on Automatic Face and Gesture Recognition.}},
	author={T. Sim and S. Baker and M. Bsat}
}

@MISC{multie-pie-price,
    TITLE           = {{The CMU Multi-PIE Face Database}},
    howpublished="\url{http://www.flintbox.com/public/project/4742/}",
	author={T. Sim and S. Baker and M. Bsat},
    note={Accessed: 07.12.2016}
}

@MISC{cas-peal,
    TITLE           = {{The CAS-PEAL Large-Scale Chinese Face Database and Baseline Evaluations}},
    howpublished="\url{http://www.jdl.ac.cn/peal/files/TechReport4CAS-PEAL-R1.pdf}",
	author={W. Gao and B. Cao and S. Shan and D. Zhou and X. Zhang and D. Zhao}
}

@MISC{ck-plus,
    TITLE           = {{The Extended Cohn-Kanade Dataset (CK+): A complete dataset for action unit and emotion-specified expression}},
    howpublished="\url{http://ieeexplore.ieee.org/stamp/stamp.jsp?arnumber=5543262}",
	author={P. Lucey and J. F. Cohn and T. Kanade and J. Saragih and Z. Ambadar and I. Matthews}
}

@MISC{youtube-set,
    TITLE           = {{Face Recognition in Unconstrained Videos with Matched Background Similarity}},
    howpublished="\url{https://www.cs.tau.ac.il/~wolf/ytfaces/WolfHassnerMaoz_CVPR11.pdf}",
	author={L. Wolf and T. Hassner and I. Maoz}
}


% programming libraries

@MISC{tensorflow2015-whitepaper,
    TITLE           = { {TensorFlow}: Large-Scale Machine Learning on Heterogeneous Systems},
    URL             = {http://tensorflow.org/},
    NOTE            = {Software available from \url{http://tensorflow.org/}},
    AUTHOR          = {M. Abadi and
                        A. Agarwal and
                        P. Barham and
                        E. Brevdo and
                        Z. Chen and
                        C. Citro and
                        G. S. Corrado and
                        A. Davis and
                        J. Dean and
                        M. Devin and
                        S. Ghemawat and
                        I. Goodfellow and
                        A. Harp and
                        G. Irving and
                        M. Isard and
                        Y. Jia and
                        R. Jozefowicz and
                        L. Kaiser and
                        M. Kudlur and
                        J. Levenberg and
                        D. Man\'{e} and
                        R. Monga and
                        S. Moore and
                        D. Murray and
                        C. Olah and
                        M. Schuster and
                        J. Shlens and
                        B. Steiner and
                        I. Sutskever and
                        K. Talwar and
                        P. Tucker and
                        V. Vanhoucke and
                        V. Vasudevan and
                        F. Vi\'{e}gas and
                        O. Vinyals and
                        P. Warden and
                        M. Wattenberg and
                        M. Wicke and
                        Y. Yu and
                        X. Zheng},
    YEAR            = {2015},
}

@misc{chollet2015keras,
  TITLE             = {Keras},
  AUTHOR            = {F. Chollet},
  YEAR              = {2015},
  PUBLISHER         = {GitHub},
  HOWPUBLISHED      = {\url{https://github.com/fchollet/keras}},
}

@misc{keras-documentation,
  TITLE             = {Keras Documentation},
  AUTHOR            = {F. Chollet},
  YEAR              = {2015},
  PUBLISHER         = {GitHub},
  HOWPUBLISHED      = {\url{https://keras.io/}},
}

@misc{keras-mnist,
  TITLE             = {Keras MNIST implementation},
  AUTHOR            = {F. Chollet},
  YEAR              = {2015},
  PUBLISHER         = {GitHub},
  HOWPUBLISHED      = {\url{https://github.com/fchollet/keras/blob/master/examples/mnist_cnn.py}},
}

@misc{keras-applications-vgg16,
  TITLE             = {Keras Applications - VGG16},
  AUTHOR            = {F. Chollet},
  YEAR              = {2015},
  PUBLISHER         = {GitHub},
  HOWPUBLISHED      = {\url{https://keras.io/applications/#vgg16}},
}

@misc{keras-vgg16,
  TITLE             = {Keras VGG16 implementation},
  AUTHOR            = {F. Chollet},
  YEAR              = {2015},
  PUBLISHER         = {GitHub},
  HOWPUBLISHED      = {\url{https://github.com/fchollet/keras/blob/master/keras/applications/vgg16.py}},
}

@misc{caffe2,
  TITLE             = {Caffe2},
  AUTHOR            = {Y. Jia},
  YEAR              = {2017},
  PUBLISHER         = {GitHub},
  HOWPUBLISHED      = {\url{https://github.com/caffe2/caffe2}},
}

@MISC{lasagne,
    AUTHOR          = {S. Dieleman and
                        J. Schlüter and
                        C. Raffel and
                        E. Olson and
                        S. Kaae Sønderby and
                        D. Nouri and
                        D. Maturana and
                        M. Thoma and
                        E. Battenberg and
                        J. Kelly and
                        J. De Fauw and
                        M. Heilman and
                        D. Moitinho de Almeida and
                        B. McFee and
                        H. Weideman and
                        G. Takács and
                        P. de Rivaz and
                        J. Crall and
                        G. Sanders and
                        K. Rasul and
                        C. Liu and
                        G. French and
                        J. Degrave},
    TITLE           = {Lasagne: First release.},
    month        = aug,
    year         = 2015,
    doi          = {10.5281/zenodo.27878},
    url          = {http://dx.doi.org/10.5281/zenodo.27878}
}

@article{jia2014caffe,
  Author = {Y. Jia and E. Shelhamer and J. Donahue and S. Karayev and J. Long and R. Girshick and S. Guadarrama and T. Darrell},
  Journal = {arXiv preprint arXiv:1408.5093},
  Title = {Caffe: Convolutional Architecture for Fast Feature Embedding},
  Year = {2014}
}

@ARTICLE{theano,
   author = {{Theano Development Team}},
    title = "{Theano: A {Python} framework for fast computation of mathematical expressions}",
  journal = {arXiv e-prints},
   volume = {abs/1605.02688},
 primaryClass = "cs.SC",
 keywords = {Computer Science - Symbolic Computation, Computer Science - Learning, Computer Science - Mathematical Software},
     year = 2016,
    month = may,
      url = {http://arxiv.org/abs/1605.02688},
}

@misc{flask,
    title={{Flask - web development, one drop at a time}},
    howpublished="\url{http://flask.pocoo.org/}",
	author={A. Ronacher}
}

@misc{sqlite,
    title={{SQLite Home Page}},
    howpublished="\url{https://sqlite.org/}"
}

@misc{beck2001agile,
  author = {Beck, Kent and Beedle, Mike and van Bennekum, Arie and Cockburn, Alistair and Cunningham, Ward and Fowler, Martin and Grenning, James and Highsmith, Jim and Hunt, Andrew and Jeffries, Ron and Kern, Jon and Marick, Brian and Martin, Robert C. and Mellor, Steve and Schwaber, Ken and Sutherland, Jeff and Thomas, Dave},
  booktitle = {Manifesto for Agile Software Development},
  description = {Manifesto for Agile Software Development},
  keywords = {imported},
  title = {Manifesto for Agile Software Development},
  url = {http://www.agilemanifesto.org/},
  year = 2001
}

</bibtex>